@Misc{wiki,
howpublished = {\url{https://en.wikipedia.org/wiki/Data_modeling}},
note = {Accessed April 3, 2018},
title = {Data modeling - Wikipedia},
author = {Wikipedia}
}
@Misc{diff,
howpublished = {\url{http://www.essentialstrategies.com/publications/modeling/compare.htm}},
note = {Accessed April 5, 2018},
title = {A Comparison of Data Modeling Techniques},
author = {David C. Hay}
}