@Misc{techo,
howpublished = {\url{https://www.techopedia.com/definition/17/clustering-databases}},
note = {Accessed May 3, 2018},
title = {What is clustering? - Definition from Techopedia},
author = {Techopedia}
}
@Misc{caleb,
howpublished = {\url{https://www.calebcurry.com/blogs/database-clustering/intro-to-database-clustering}},
note = {Accessed May 3, 2018},
title = {Intro to Database Clustering},
author = {CalebTheVideoMaker2}
}