@Misc{wiki,
howpublished = {\url{https://en.wikipedia.org/wiki/NoSQL}},
note = {Accessed April 19, 2018},
title = {NoSQL - Wikipedia},
author = {Wikipedia}
}
@Misc{diff,
howpublished = {\url{http://www.essentialstrategies.com/publications/modeling/compare.htm}},
note = {Accessed April 5, 2018},
title = {A Comparison of Data Modeling Techniques},
author = {David C. Hay}
}