@Misc{wiki,
howpublished = {\url{https://en.wikipedia.org/wiki/Shard_(database_architecture)}},
note = {Accessed April 26, 2018},
title = {Shard (database architecture) - Wikipedia},
author = {Wikipedia}
}
@Misc{wiki2,
howpublished = {\url{https://en.wikipedia.org/wiki/Partition_(database)}},
note = {Accessed April 26, 2018},
title = {Partition (database) - Wikipedia},
author = {Wikipedia}
}