@Misc{wiki,
howpublished = {\url{https://en.wikipedia.org/wiki/Data_exchange}},
note = {Accessed April 12, 2018},
title = {Data exchange - Wikipedia},
author = {Wikipedia}
}
@Misc{wiki2,
howpublished = {\url{https://en.wikipedia.org/wiki/HTTP_compression}},
note = {Accessed April 12, 2018},
title = {HTTP compression},
author = {Wikipedia}
}