@Misc{cp_wiki,
howpublished = {\url{https://en.wikipedia.org/wiki/Connection_pool}},
note = {Accessed March 21, 2018},
title = {Connection pool - Wikipedia},
author = {Wikipedia}
}
@Misc{pool_sz,
howpublished = {\url{https://github.com/brettwooldridge/HikariCP/wiki/About-Pool-Sizing}},
note = {Accessed March 21, 2018},
title = {About Pool Sizing},
author = {Brett Wooldridge}
}