@Misc{diff,
howpublished = {\url{http://datawarehouse4u.info/OLTP-vs-OLAP.html}},
note = {Accessed March 28, 2018},
title = {OLTP vs. OLAP},
author = {datawarehouse4u}
}
@Misc{wiki,
howpublished = {\url{https://en.wikipedia.org/wiki/Data_warehouse}},
note = {Accessed March 28, 2018},
title = {Data warehouse - Wikipedia},
author = {Wikipedia}
}