@Misc{data_wiki,
howpublished = {\url{https://en.wikipedia.org/wiki/Data_(computing)}},
note = {Accessed March 17, 2018},
title = {Data(computing) - Wikipedia},
author = {Wikipedia}
}
@Misc{metadata_wiki,
howpublished = {\url{https://en.wikipedia.org/wiki/Metadata}},
note = {Accessed March 17, 2018},
title = {Metadata - Wikipedia},
author = {Wikipedia}
}